%% RELATED WORKS
% medical vs natural/transfer learning
@article{raghu2019transfusion,
  title={Transfusion: Understanding transfer learning for medical imaging},
  author={Raghu, Maithra and Zhang, Chiyuan and Kleinberg, Jon and Bengio, Samy},
  journal={Advances in neural information processing systems},
  volume={32},
  year={2019}
}
@inproceedings{morra2021bridging,
  title={Bridging the gap between natural and medical images through deep colorization},
  author={Morra, Lia and Piano, Luca and Lamberti, Fabrizio and Tommasi, Tatiana},
  booktitle={2020 25th International Conference on Pattern Recognition (ICPR)},
  pages={835--842},
  year={2021},
  organization={IEEE}
}


% general deep learning
@inproceedings{he2016resnet,
  title={Deep residual learning for image recognition},
  author={He, Kaiming and Zhang, Xiangyu and Ren, Shaoqing and Sun, Jian},
  booktitle={Proceedings of the IEEE conference on computer vision and pattern recognition},
  pages={770--778},
  year={2016}
}
@article{fefferman2016manifoldhyp,
  title={Testing the manifold hypothesis},
  author={Fefferman, Charles and Mitter, Sanjoy and Narayanan, Hariharan},
  journal={Journal of the American Mathematical Society},
  volume={29},
  number={4},
  pages={983--1049},
  year={2016}
}
@article{kingma2014adam,
  title={Adam: A method for stochastic optimization},
  author={Kingma, Diederik P and Ba, Jimmy},
  journal={arXiv preprint arXiv:1412.6980},
  year={2014}
}
@article{chrabaszcz2017downsampled,
  title={A downsampled variant of imagenet as an alternative to the cifar datasets},
  author={Chrabaszcz, Patryk and Loshchilov, Ilya and Hutter, Frank},
  journal={arXiv preprint arXiv:1707.08819},
  year={2017}
}
@article{simonyan2014vgg,
  title={Very deep convolutional networks for large-scale image recognition},
  author={Simonyan, Karen and Zisserman, Andrew},
  journal={arXiv preprint arXiv:1409.1556},
  year={2014}
}
@article{iandola2016squeezenet,
  title={SqueezeNet: AlexNet-level accuracy with 50x fewer parameters and< 0.5 MB model size},
  author={Iandola, Forrest N and Han, Song and Moskewicz, Matthew W and Ashraf, Khalid and Dally, William J and Keutzer, Kurt},
  journal={arXiv preprint arXiv:1602.07360},
  year={2016}
}
@inproceedings{huang2017densenet,
  title={Densely connected convolutional networks},
  author={Huang, Gao and Liu, Zhuang and Van Der Maaten, Laurens and Weinberger, Kilian Q},
  booktitle={Proceedings of the IEEE conference on computer vision and pattern recognition},
  pages={4700--4708},
  year={2017}
}

% deep learning + medical imging
@article{litjens2017survey,
  title={A survey on deep learning in medical image analysis},
  author={Litjens, Geert and Kooi, Thijs and Bejnordi, Babak Ehteshami and Setio, Arnaud Arindra Adiyoso and Ciompi, Francesco and Ghafoorian, Mohsen and Van Der Laak, Jeroen Awm and Van Ginneken, Bram and S{\'a}nchez, Clara I},
  journal={Medical image analysis},
  volume={42},
  pages={60--88},
  year={2017},
  publisher={Elsevier}
}
@article{cordes2006estimation,
  title={Estimation of the intrinsic dimensionality of fMRI data},
  author={Cordes, Dietmar and Nandy, Rajesh R},
  journal={Neuroimage},
  volume={29},
  number={1},
  pages={145--154},
  year={2006},
  publisher={Elsevier}
}
@article{willemink2020radiologydata1,
  title={Preparing medical imaging data for machine learning},
  author={Willemink, Martin J and Koszek, Wojciech A and Hardell, Cailin and Wu, Jie and Fleischmann, Dominik and Harvey, Hugh and Folio, Les R and Summers, Ronald M and Rubin, Daniel L and Lungren, Matthew P},
  journal={Radiology},
  volume={295},
  number={1},
  pages={4--15},
  year={2020},
  publisher={Radiological Society of North America}
}
@article{soffer2019radiologydata2,
  title={Convolutional neural networks for radiologic images: a radiologist’s guide},
  author={Soffer, Shelly and Ben-Cohen, Avi and Shimon, Orit and Amitai, Michal Marianne and Greenspan, Hayit and Klang, Eyal},
  journal={Radiology},
  volume={290},
  number={3},
  pages={590--606},
  year={2019},
  publisher={Radiological Society of North America}
}

% intrinsic dimension + manifold hypothesis
@inproceedings{pope2021intrinsic,
  author    = {Phillip Pope and
               Chen Zhu and
               Ahmed Abdelkader and
               Micah Goldblum and
               Tom Goldstein},
  title     = {The Intrinsic Dimension of Images and Its Impact on Learning},
  booktitle = {9th International Conference on Learning Representations, {ICLR} 2021,
               Virtual Event, Austria, May 3-7, 2021},
  publisher = {OpenReview.net},
  year      = {2021},
  url       = {https://openreview.net/forum?id=XJk19XzGq2J},
  timestamp = {Wed, 23 Jun 2021 17:36:39 +0200},
  biburl    = {https://dblp.org/rec/conf/iclr/PopeZAGG21.bib},
  bibsource = {dblp computer science bibliography, https://dblp.org}
}

@article{levina2004maximum,
  title={Maximum likelihood estimation of intrinsic dimension},
  author={Levina, Elizaveta and Bickel, Peter},
  journal={Advances in neural information processing systems},
  volume={17},
  year={2004}
}
@article{mackay2005comments,
  title={Comments on'Maximum likelihood estimation of intrinsic dimension'by E. Levina and P. Bickel (2004)},
  author={MacKay, David JC and Ghahramani, Zoubin},
  journal={The Inference Group Website, Cavendish Laboratory, Cambridge University},
  year={2005},
  publisher={ACM Press}
}
@inproceedings{gomtsyan2019geomle,
  title={Geometry-aware maximum likelihood estimation of intrinsic dimension},
  author={Gomtsyan, Marina and Mokrov, Nikita and Panov, Maxim and Yanovich, Yury},
  booktitle={Asian Conference on Machine Learning},
  pages={1126--1141},
  year={2019},
  organization={PMLR}
}
@article{facco2017twonn,
  title={Estimating the intrinsic dimension of datasets by a minimal neighborhood information},
  author={Facco, Elena and d’Errico, Maria and Rodriguez, Alex and Laio, Alessandro},
  journal={Scientific reports},
  volume={7},
  number={1},
  pages={1--8},
  year={2017},
  publisher={Nature Publishing Group}
}
@article{narayanan2010sampleintrinsic,
  title={Sample complexity of testing the manifold hypothesis},
  author={Narayanan, Hariharan and Mitter, Sanjoy},
  journal={Advances in neural information processing systems},
  volume={23},
  year={2010}
}
@inproceedings{gong2019intrinsic,
  title={On the intrinsic dimensionality of image representations},
  author={Gong, Sixue and Boddeti, Vishnu Naresh and Jain, Anil K},
  booktitle={Proceedings of the IEEE/CVF Conference on Computer Vision and Pattern Recognition},
  pages={3987--3996},
  year={2019}
}
@article{ansuini2019intrinsic,
  title={Intrinsic dimension of data representations in deep neural networks},
  author={Ansuini, Alessio and Laio, Alessandro and Macke, Jakob H and Zoccolan, Davide},
  journal={Advances in Neural Information Processing Systems},
  volume={32},
  year={2019}
}
@article{birdal2021intrinsic,
  title={Intrinsic dimension, persistent homology and generalization in neural networks},
  author={Birdal, Tolga and Lou, Aaron and Guibas, Leonidas J and Simsekli, Umut},
  journal={Advances in Neural Information Processing Systems},
  volume={34},
  year={2021}
}
@article{scholkopf1998nonlinear,
  title={Nonlinear component analysis as a kernel eigenvalue problem},
  author={Sch{\"o}lkopf, Bernhard and Smola, Alexander and M{\"u}ller, Klaus-Robert},
  journal={Neural computation},
  volume={10},
  number={5},
  pages={1299--1319},
  year={1998},
  publisher={MIT Press}
}
@article{tenenbaum2000global,
  title={A global geometric framework for nonlinear dimensionality reduction},
  author={Tenenbaum, Joshua B and Silva, Vin de and Langford, John C},
  journal={science},
  volume={290},
  number={5500},
  pages={2319--2323},
  year={2000},
  publisher={American Association for the Advancement of Science}
}
@article{brand2002charting,
  title={Charting a manifold},
  author={Brand, Matthew},
  journal={Advances in neural information processing systems},
  volume={15},
  year={2002}
}
@article{bac2021scikit,
  title={Scikit-dimension: a python package for intrinsic dimension estimation},
  author={Bac, Jonathan and Mirkes, Evgeny M and Gorban, Alexander N and Tyukin, Ivan and Zinovyev, Andrei},
  journal={Entropy},
  volume={23},
  number={10},
  pages={1368},
  year={2021},
  publisher={Multidisciplinary Digital Publishing Institute}
}

% datasets: nat
@article{deng2012mnist,
  title={The mnist database of handwritten digit images for machine learning research [best of the web]},
  author={Deng, Li},
  journal={IEEE signal processing magazine},
  volume={29},
  number={6},
  pages={141--142},
  year={2012},
  publisher={IEEE}
}
@article{netzer2011svhn,
  title={Reading digits in natural images with unsupervised feature learning},
  author={Netzer, Yuval and Wang, Tao and Coates, Adam and Bissacco, Alessandro and Wu, Bo and Ng, Andrew Y},
  year={2011}
}
@inproceedings{deng2009imagenet,
  title={Imagenet: A large-scale hierarchical image database},
  author={Deng, Jia and Dong, Wei and Socher, Richard and Li, Li-Jia and Li, Kai and Fei-Fei, Li},
  booktitle={2009 IEEE conference on computer vision and pattern recognition},
  pages={248--255},
  year={2009},
  organization={Ieee}
}
@article{krizhevsky2009cifar,
  title={Learning multiple layers of features from tiny images},
  author={Krizhevsky, Alex and Hinton, Geoffrey and others},
  year={2009},
  publisher={Citeseer}
}
@inproceedings{lin2014coco,
  title={Microsoft coco: Common objects in context},
  author={Lin, Tsung-Yi and Maire, Michael and Belongie, Serge and Hays, James and Perona, Pietro and Ramanan, Deva and Doll{\'a}r, Piotr and Zitnick, C Lawrence},
  booktitle={European conference on computer vision},
  pages={740--755},
  year={2014},
  organization={Springer}
}
@inproceedings{liu2015celeba,
  title={Deep learning face attributes in the wild},
  author={Liu, Ziwei and Luo, Ping and Wang, Xiaogang and Tang, Xiaoou},
  booktitle={Proceedings of the IEEE international conference on computer vision},
  pages={3730--3738},
  year={2015}
}

% task difficulty
@article{kornblith2021classsep,
  title={Why do better loss functions lead to less transferable features?},
  author={Kornblith, Simon and Chen, Ting and Lee, Honglak and Norouzi, Mohammad},
  journal={Advances in Neural Information Processing Systems},
  volume={34},
  year={2021}
}

% datasets: med
@inproceedings{irvin2019chexpert,
  title={Chexpert: A large chest radiograph dataset with uncertainty labels and expert comparison},
  author={Irvin, Jeremy and Rajpurkar, Pranav and Ko, Michael and Yu, Yifan and Ciurea-Ilcus, Silviana and Chute, Chris and Marklund, Henrik and Haghgoo, Behzad and Ball, Robyn and Shpanskaya, Katie and others},
  booktitle={Proceedings of the AAAI conference on artificial intelligence},
  volume={33},
  number={01},
  pages={590--597},
  year={2019}
}
@article{saha2018machinedukedbc,
  title={A machine learning approach to radiogenomics of breast cancer: a study of 922 subjects and 529 DCE-MRI features},
  author={Saha, Ashirbani and Harowicz, Michael R and Grimm, Lars J and Kim, Connie E and Ghate, Sujata V and Walsh, Ruth and Mazurowski, Maciej A},
  journal={British journal of cancer},
  volume={119},
  number={4},
  pages={508--516},
  year={2018},
  publisher={Nature Publishing Group}
}
@article{menze2014multimodal,
  title={The multimodal brain tumor image segmentation benchmark (BRATS)},
  author={Menze, Bjoern H and Jakab, Andras and Bauer, Stefan and Kalpathy-Cramer, Jayashree and Farahani, Keyvan and Kirby, Justin and Burren, Yuliya and Porz, Nicole and Slotboom, Johannes and Wiest, Roland and others},
  journal={IEEE transactions on medical imaging},
  volume={34},
  number={10},
  pages={1993--2024},
  year={2014},
  publisher={IEEE}
}
@article{nevitt2006osteoarthritis,
  title={The osteoarthritis initiative},
  author={Nevitt, M. and Felson, D. and Lester, Gayle},
  journal={Protocol for the cohort study},
  volume={1},
  year={2006}
}
@article{rajpurkar2017mura,
  title={Mura: Large dataset for abnormality detection in musculoskeletal radiographs},
  author={Rajpurkar, Pranav and Irvin, Jeremy and Bagul, Aarti and Ding, Daisy and Duan, Tony and Mehta, Hershel and Yang, Brandon and Zhu, Kaylie and Laird, Dillon and Ball, Robyn L and others},
  journal={arXiv preprint arXiv:1712.06957},
  year={2017}
}
@article{flanders2020rsnaihct,
  title={Construction of a machine learning dataset through collaboration: the RSNA 2019 brain CT hemorrhage challenge},
  author={Flanders, Adam E and Prevedello, Luciano M and Shih, George and Halabi, Safwan S and Kalpathy-Cramer, Jayashree and Ball, Robyn and Mongan, John T and Stein, Anouk and Kitamura, Felipe C and Lungren, Matthew P and others},
  journal={Radiology: Artificial Intelligence},
  volume={2},
  number={3},
  pages={e190211},
  year={2020},
  publisher={Radiological Society of North America}
}
@article{sonn2013prostate,
  title={Targeted biopsy in the detection of prostate cancer using an office based magnetic resonance ultrasound fusion device},
  author={Sonn, Geoffrey A and Natarajan, Shyam and Margolis, Daniel JA and MacAiran, Malu and Lieu, Patricia and Huang, Jiaoti and Dorey, Frederick J and Marks, Leonard S},
  journal={The Journal of urology},
  volume={189},
  number={1},
  pages={86--92},
  year={2013},
  publisher={Wolters Kluwer Philadelphia, PA}
}
@misc{prostateTCIA,
  title = {Prostate MRI and Ultrasound With Pathology and Coordinates of Tracked Biopsy (Prostate-MRI-US-Biopsy) [Data set]},
  author={Natarajan, S. and Priester, A. and Margolis, D. and Huang, J. and Marks, L.},
  howpublished = {DOI: \url{10.7937/TCIA.2020.A61IOC1A}},
  publisher={The Cancer Imaging Archive.},
  year={2020},
  note = {Accessed: 2022-02-21}
}

@article{Tiulpin2018,
author = {Tiulpin, Aleksei and Thevenot, J{\'{e}}r{\^{o}}me and Rahtu, Esa and Lehenkari, Petri and Saarakkala, Simo},
doi = {10.1038/s41598-018-20132-7},
issn = {2045-2322},
journal = {Scientific Reports},
number = {1},
pages = {1727},
title = {{Automatic Knee Osteoarthritis Diagnosis from Plain Radiographs: A Deep Learning-Based Approach}},
url = {https://doi.org/10.1038/s41598-018-20132-7},
volume = {8},
year = {2018}
}

@misc{antony2017automatic,
      title={Automatic Detection of Knee Joints and Quantification of Knee Osteoarthritis Severity using Convolutional Neural Networks}, 
      author={Joseph Antony and Kevin McGuinness and Kieran Moran and Noel E O'Connor},
      year={2017},
      eprint={1703.09856},
      archivePrefix={arXiv},
      primaryClass={cs.CV}
}

% new to poster
@inproceedings{buchanan2021deep,
  title={Deep Networks and the Multiple Manifold Problem},
  author={Buchanan, Sam and Gilboa, Dar and Wright, John},
  booktitle={International Conference on Learning Representations},
  year={2021}
}